@article{atkinson1995orthogonally,
  title={Orthogonally persistent object systems},
  author={Atkinson, Malcolm and Morrison, Ronald},
  journal={The VLDB Journal},
  volume={4},
  number={3},
  pages={319--401},
  year={1995},
  publisher={Springer}
}
@inproceedings{atkinson1983ps,
  title={PS-Algol: A language for persistent programming},
  author={Atkinson, Malcolm P and Bailey, Peter J and Chisholm, Ken J and Cockshott, W Paul and Morrison, Ron},
  booktitle={Proc. 10th Australian National Computer Conference, Melbourne, Australia},
  pages={70--79},
  year={1983}
}
@misc{atkinson2000review,
  title={A review of the rationale and architectures of PJama-a durable, flexible, evolvable and scalable orthogonally persistent programming platform.},
  author={Atkinson, Malcolm P and Jordan, Mick J},
  journal={SMLI TR},
  volume={2000},
  pages={I--III},
  year={2000},
  publisher={Sun Microsystems Laboratories}
}
@inproceedings{ransford2014nonvolatile,
  title={Nonvolatile memory is a broken time machine},
  author={Ransford, Benjamin and Lucia, Brandon},
  booktitle={Proceedings of the workshop on Memory Systems Performance and Correctness},
  pages={1--3},
  year={2014}
}
@inproceedings{аннин2018краткий,
  title={Краткий обзор Room Persistence Library},
  author={Аннин, Павел Александрович},
  booktitle={Актуальные направления научных исследований: перспективы развития},
  pages={146--147},
  year={2018}
}
@book{copeland2008essential,
  title={Essential sqlalchemy},
  author={Copeland, Rick},
  year={2008},
  publisher={O'Reilly Media, Inc.}
}
@article{dearle1994grasshopper,
  title={Grasshopper: An orthogonally persistent operating system},
  author={Dearle, Alan and Di Bona, Rex and Farrow, James and Henskens, Frans and Lindstr{\"o}m, Anders and Rosenberg, John and Vaughan, Francis and others},
  journal={Computing Systems},
  volume={7},
  number={3},
  pages={289--312},
  year={1994}
}
@inproceedings{bomberger1992keykos,
  title={The KeyKOS nanokernel architecture},
  author={Bomberger, Alan C and Hardy, Norman and Peri, A and Charles, Frantz and Landau, R and Frantz, William S and Shapiro, Jonathan S and Hardy, Ann C},
  booktitle={In Proc. of the USENIX Workshop on Micro-kernels and Other Kernel Architectures},
  year={1992}
}
@inproceedings{berthou2018peripheral,
  title={Peripheral State Persistence and Interrupt Management For Transiently Powered Systems},
  author={Berthou, Gautier and Delizy, Tristan and Marquet, Kevin and Risset, Tanguy and Salagnac, Guillaume},
  booktitle={NVMW 2018-9th Annual Non-Volatile Memories Workshop},
  pages={1--2},
  year={2018}
}
@book{genode_foundations,
  title={Genode. Operating system framework. Foundations. 21.05},
  author={Feske, Norman},
  publisher={Genode Labs},
  year={2021}
}
@book{tcp_ip_illustrated_vol2,
  title={TCP/IP Illustrated: volume 2},
  author={Stevens, W Richard and Wright, Gary R},
  year={1996},
  publisher={Addison-wesley}
}
@inproceedings{landau1992checkpoint,
  title={The checkpoint mechanism in KeyKOS},
  author={Landau, Charles R},
  booktitle={[1992] Proceedings of the Second International Workshop on Object Orientation in Operating Systems},
  pages={86--91},
  year={1992},
  organization={IEEE}
}
@article{john1981transmission,
  title={Transmission Control Protocol},
  author={John, Postel},
  journal={RFC 793},
  year={1981}
}
@misc{rfc1122,
  title={RFC1122: Requirements for Internet hosts-communication layers},
  author={Braden, Robert},
  year={1989},
  publisher={RFC Editor}
}
@techreport{rfc6298,
  title={Computing TCP's retransmission timer},
  author={Paxson, Vern and Allman, Mark and Chu, Jerry and Sargent, Matt},
  year={2011}
}
@inproceedings{ekwall2002robust,
  title={Robust TCP connections for fault tolerant computing},
  author={Ekwall, Richard and Urb{\'a}n, P{\'e}ter and Schiper, Andr{\'e}},
  booktitle={Ninth International Conference on Parallel and Distributed Systems, 2002. Proceedings.},
  pages={501--508},
  year={2002},
  organization={IEEE}
}
@inproceedings{zhang1995persistent,
  title={A "persistent connection" model for mobile and distributed systems},
  author={Zhang, Yongguang and Dao, Son},
  booktitle={Proceedings of Fourth International Conference on Computer Communications and Networks-IC3N'95},
  pages={300--307},
  year={1995},
  organization={IEEE}
}
@inproceedings{rocks_racks,
  title={Reliable network connections},
  author={Zandy, Victor C and Miller, Barton P},
  booktitle={Proceedings of the 8th annual International Conference on Mobile Computing and Networking},
  pages={95--106},
  year={2002}
}


% Not used:
@article{lucia2015simpler,
  title={A simpler, safer programming and execution model for intermittent systems},
  author={Lucia, Brandon and Ransford, Benjamin},
  journal={ACM SIGPLAN Notices},
  volume={50},
  number={6},
  pages={575--585},
  year={2015},
  publisher={ACM New York, NY, USA}
}

@techreport{rfc4987_syn_flooding,
  title={TCP SYN flooding attacks and common mitigations},
  author={Eddy, Wesley and others},
  year={2007},
  institution={RFC 4987, August}
}